<?xml version="1.0" encoding="UTF-8"?><collection xmlns="http://www.loc.gov/MARC21/slim"><record><leader>00599nam--2200193-i-4500</leader><controlfield tag="001">000043145</controlfield><controlfield tag="002">20161230</controlfield><controlfield tag="005">20170105231422</controlfield><controlfield tag="008">060222s1000------------r-----000-0-eng-d</controlfield><datafield ind1=" " ind2=" " tag="020"><subfield code="a">9810201389</subfield></datafield><datafield ind1=" " ind2=" " tag="040"><subfield code="a">IFI-HH</subfield></datafield><datafield ind1=" " ind2=" " tag="080"><subfield code="a">539.18.01(061.3)</subfield></datafield><datafield ind1="1" ind2=" " tag="100"><subfield code="a">Green, M</subfield></datafield><datafield ind1="1" ind2="0" tag="245"><subfield code="a">Superstrings`89</subfield><subfield code="b">Proceedings of the Trieste Spring School 3-14 April 1989</subfield><subfield code="c">M. Green, R. Iengo, S. Randjbar-Daemi, E. Sezgin, A. Strominger (eds.)</subfield></datafield><datafield ind1=" " ind2=" " tag="260"><subfield code="a">Singapore</subfield><subfield code="b">World Scientific</subfield><subfield code="c">1990</subfield></datafield><datafield ind1=" " ind2=" " tag="300"><subfield code="a">VII + 627 p</subfield></datafield><datafield ind1="1" ind2=" " tag="700"><subfield code="a">Strominger, A</subfield><subfield code="e">Ed</subfield></datafield><datafield ind1=" " ind2=" " tag="852"><subfield code="a">79462</subfield><subfield code="c">539.12</subfield></datafield><datafield ind1=" " ind2=" " tag="CAT"><subfield code="a">SYS</subfield><subfield code="c">20170105</subfield><subfield code="h">231422</subfield></datafield></record></collection>